@inproceedings{Arasu:2003:ESD:872757.872799,
 author =              {Arvind Arasu  and Hector Garcia-Molina },
 title =               {Extracting Structured Data from Web Pages},
 booktitle =           {Proceedings of the 2003 ACM SIGMOD International Conference on Management of Data},
 series =              {SIGMOD '03},
 year =                {2003},
 isbn =                {1-58113-634-X},
 location =            {San Diego, California},
 pages =               {337--348},
 numpages =            {12},
 url =                 {http://doi.acm.org/10.1145/872757.872799},
 doi =                 {10.1145/872757.872799},
 acmid =               {872799},
 publisher =           {ACM},
 address =             {New York, NY, USA},
}

@online{TIPSTER,
	title =           {TIPSTER Text Program},
    year =            {2000},
    url =             {http://itl.nist.gov/iaui/894.02/related_projects/tipster/},
    note =            {[Online; navštíveno 20. 8. 2016]}
}

@book{books/daglib/0029345,
  author =            {Robert Sedgewick  and Kevin Wayne },
  biburl =            {http://www.bibsonomy.org/bibtex/22fde79ee322687a901feb1b1823bb447/dblp},
  interhash =         {552396c14a0129abbe40ca305b4f001b},
  intrahash =         {2fde79ee322687a901feb1b1823bb447},
  isbn =              {978-0-321-57351-3},
  keywords =          {dblp},
  publisher =         {Addison-Wesley},
  title =             {Algorithms, 4th Edition.},
  year =              2011
}

@article{TEXT_ANALYZER,
	title =          {TEXT ANALYZER},
    author =         {G. Arumugam and M. Thangaraj and R. Sasirekha},
    journal =        {International Journal of Computer Science, Engineering and Information Technology (IJCSEIT)},
    year =           2011,
    month =          {duben},
    url = {http://airccse.org/journal/ijcseit/papers/0411cseit02.pdf}
    
}

@inproceedings{Zhao:2009:EES:1645953.1646175,
 author =           {Le Zhao and Jamie Callan },
 title =            {Effective and Efficient Structured Retrieval},
 booktitle =        {Proceedings of the 18th ACM Conference on Information and Knowledge Management},
 series =           {CIKM '09},
 year =             {2009},
 isbn =             {978-1-60558-512-3},
 location =         {Hong Kong, China},
 pages =            {1573--1576},
 numpages =         {4},
 url =              {http://doi.acm.org/10.1145/1645953.1646175},
 doi =              {10.1145/1645953.1646175},
 acmid =            {1646175},
 publisher =        {ACM},
 address =          {New York, NY, USA},
 keywords =         {boolean filtering, indri query language, question answering, structural mismatch, structured query formulation},
} 

@inproceedings{Luo:2012:ITR:2900728.2900821,
 author =           {Zhunchen Luo  and Miles Osbornez  and Sa\v{s}a Petrovic and Ting Wang },
 title =            {Improving Twitter Retrieval by Exploiting Structural Information},
 booktitle =        {Proceedings of the Twenty-Sixth AAAI Conference on Artificial Intelligence},
 series =           {AAAI'12},
 year =             {2012},
 location =         {Toronto, Ontario, Canada},
 pages =            {648--654},
 numpages =         {7},
 url =              {http://dl.acm.org/citation.cfm?id=2900728.2900821},
 acmid =            {2900821},
 publisher =        {AAAI Press},
} 
@misc{STRUCTURED_TEXT_RETRIEVAL_MODELS,
	title =         {STRUCTURED TEXT RETRIEVAL MODELS},
    author =        {Djoerd Hiemstra and Ricardo Baeza-Yates
},
	url =           {http://wwwhome.cs.utwente.nl/~hiemstra/papers/eds-structured-models-draft.pdf},
    note =          {[Online; citovano 13.3.2017]}
	
}
@inproceedings{meuss1999improving,
  title =           {Improving Index Structures for Structured Document Retrieval.},
  author =          {Holger Meuss  and Christian M Strohmaier },
  booktitle =       {BCS-IRSG Annual Colloquium on IR Research},
  year =            {1999},
  url =             {http://www.bcs.org/upload/pdf/ewic\_ir99\_paper10.pdf}
}

@phdthesis{handschuh2005creating,
  title =           {Creating ontology-based metadata by annotation for the semantic web},
  author =         {Siegfried Handschuh },
  year =           {2005},
  school =         {Karlsruhe, Univ., Diss., 2005}
}

@inproceedings{bechhofer2002semantics,
  title =         {The semantics of semantic annotation},
  author =        {Sean Bechhofer  and Leslie Carr  and Carole Goble  and Simon Kampa  and Timothy Miles-Board },
  booktitle =     {OTM Confederated International Conferences" On the Move to Meaningful Internet Systems"},
  pages =         {1152--1167},
  year =          {2002},
  organization =  {Springer}
}

@article{oren2006semantic,
  title =        {What are semantic annotations},
  author =       {Eyal Oren and Knud M{\"o}ller  and Simon Scerri  and Siegfried Handschuh  and Michael Sintek },
  journal =      {Relat{\'o}rio t{\'e}cnico. DERI Galway},
  volume =       {9},
  pages =        {62},
  year =         {2006}
}

@inproceedings{dalal1988investigations,
  title =       {Investigations into a theory of knowledge base revision: preliminary report},
  author =      {Mukesh Dalal},
  booktitle =   {Proceedings of the Seventh National Conference on Artificial Intelligence},
  volume =      {2},
  pages =       {475--479},
  year =        {1988}
}


@incollection{hertel2009rdf,
  title =       {RDF storage and retrieval systems},
  author =      {Alice Hertel and Jeen Broekstra  and Heiner Stuckenschmidt },
  booktitle =   {Handbook on ontologies},
  pages =       {489--508},
  year =        {2009},
  publisher =   {Springer}
}

@article{decker2000framework,
  title =      {Framework for the semantic Web: an RDF tutorial},
  author =     {Stefan Decker and Prasenjit Mitra  and Sergey Melnik},
  journal =    {IEEE Internet Computing},
  volume =     {4},
  number =     {6},
  pages =      {68--73},
  year =       {2000},
  publisher =  {IEEE}
}


@book{manning2008introduction,
  title =      {Introduction to information retrieval},
  author =     {Christopher D Manning and Prabhakar Raghavan and Hinrich Sch{\"u}tze},
  volume =     {1},
  number =     {1},
  year =       {2008},
  publisher =  {Cambridge university press Cambridge},
  chapter =    {10. XML retrieval}
}


@article{baeza1996integrating,
  title =     {Integrating contents and structure in text retrieval},
  author =    {Ricardo Baeza-Yates and Gonzalo Navarro},
  journal =   {ACM Sigmod record},
  volume =    {25},
  number =    {1},
  pages =     {67--79},
  year =      {1996},
  publisher = {ACM}
}

@inproceedings{Meuss1998DagMT,
  title =     {Dag Matching Techniques for Information Retrieval on Structured Documents},
  author =    {Holger Meuss and Klaus Schulz},
  year =      {1998}
}

@article{McHugh1997LoreAD,
  title =    {Lore: A Database Management System for Semistructured Data},
  author =   {Jason McHugh and Serge Abiteboul and Roy Goldman and Dallan Quass and Jennifer Widom},
  journal = {SIGMOD Record},
  year =    {1997},
  volume =  {26},
  pages =   {54-66}
}
///////////////////////////////////////////////////////////////////////


@ARTICLE{PhoneticStringMatching,
	title =           "Phonetic String Matching: Lessons from Information Retrieval",
    author =          "Justin Zobel and Philip Dart",
    journal =         "Proceedings of the 19th annual international ACM SIGIR conference on Research and development in information retrieval",
    year =            "1996",
    month =           "srpen",
    pages =           "166-172",
    url =            "http://goanna.cs.rmit.edu.au/~jz/fulltext/sigir96.pdf"
}

@ARTICLE{MiningInformationForFunctionalGenomics,
	title =           "Mining information for functional genomics",
    author =          "Luca Bernardi and Esther Ratsch and Renate Kania and Jasmin Saric and Isabel Rojas and Jond H. Park and Bruce R. Schatz and Christian Blaschke and Alfonso Valencia and Claire Nedellec",
    journal =         "IEEE Intelligent Systems",
    year =            "2002",
    month =           "duben",
    volume =          "17",
    pages =           "66-80",
    url =            "http://ieeexplore.ieee.org/document/1005634/"
}
@BOOK{SemanticAnnotationModelDefinitionForSystemsInteroperability,
	title =           "On the Move to Meaningful Internet Systems: OTM 2011 Workshops",
    author =          "Yongxin Liao and Mario Lezoche and Hervé Panetto and Nacer Boudjlida",
    chapter =         "Semantic Annotation Model Definition for Systems Interoperability",
    publisher =       "Springer, Berlin, Heidelberg",
    year =            "2011",
    volume =          "7046",
    pages =           "61-70",
    isbn =          "978-3-642-25125-2, 978-3-642-25126-9",
    url =            "https://hal.archives-ouvertes.fr/hal-00627909/document"
}
@BOOK{TheSemanticsOfSemanticAnnotation,
	title =           "On the Move to Meaningful Internet Systems",
    author =          "Sean Bechhofer and Leslie  Carr and Carole Goble and Simon  Kampa and Timothy Miles-Board",
    chapter =         "The Semantics of Semantic Annotation",
    year =            "2002",
    month =           "listopad",
    publisher =       "Springer, Berlin, Heidelberg",
    isbn =            "978-3-540-00106-5, 978-3-540-36124-4",
    volume =          "2519",
    pages =           "1152-1167",
    url =            "http://eprints.soton.ac.uk/256978/1/annotation.pdf"
}

@MISC{WhatAreSemanticAnnotations,
	title =           "What are Semantic Annotations?",
    author =          "Eyal Oren and Knud Hinnerk Möller and Simon Scerri and Siegfried Handschuh and Michael Sintek",
    url =            "http://www.siegfried-handschuh.net/pub/2006/whatissemannot2006.pdf"
}
@BOOK{DevelopingDomainOntologiesForCourseContent,
	title =           "Educational Technology \& Society",
    chapter =         "Developing Domain Ontologies for Course Content",
    author =          "Sinéad Boyce and Claus Pahl",
    pages =           "275-288",
    year =            "2007",
    publisher =       "International Forum of Educational Technology \& Society",
    url =            "http://www.jstor.org/stable/jeductechsoci.10.3.275?seq=1\#page\_scan\_tab\_contents"
}


@MISC{WebAnnotationDataModel,
	title =            "Web Annotation Data Model",
    author =           "W3C",
    year =             "2017",
    month =            "leden",
    url =              "https://www.w3.org/TR/annotation-model/"
}

@MANUAL{IntroductionToManualAnnotation,
	title =            "Introduction to Manual Annotation",
    author =           "Matthew Petrillo and Jessica Baycroft",
    year =             "2010",
    month =            "duben",
    url =             "https://gate.ac.uk/teamware/man-ann-intro.pdf"
}

@MANUAL{Protege,
	title =            "Ontology Development 101: A Guide to Creating Your First Ontology",
    author =           "Natalya F. Noy and Deborah L. McGuinness",
    url =             "http://protege.stanford.edu/publications/ontology\_development/ontology101.pdf"
}



@MANUAL{Semantator,
	title =            "Semantator: A Semi-automatic Semantic Annotation Tool for Clinical Narratives",
    author =           "Dezhao Song nad Christopher G. Chute and Gui Tao",
    url =             "http://iswc2011.semanticweb.org/fileadmin/iswc/Papers/PostersDemos/iswc11pd\_submission\_80.pdf"
}

@ARTICLE{AnOntologyBasedApproachForAutomaticallyAnnotatingDocumentSegmentsm,
	title =            "An Ontology Based Approach for Automatically Annotating Document Segments",
    author =           "Maryam Hazman and Sambaa R. EI-Beltagy and Ahmed Rafea",
    journal =          "IJCSI International Journal of Computer Science Issues",
    year =             "2012",
    month =            "březen",
    issn =             "1694-0814",
    pages =            "221-230",
    url =             "http://www.ijcsi.org/papers/IJCSI-9-2-2-221-230.pdf"
}

@MISC{Nagarajan_chapter2,
    author =            "Meenakshi Nagarajan",
    title =             "Semantic Annotations in WEB Services",
    year = {},
    url =             "http://citeseerx.ist.psu.edu/viewdoc/versions;jsessionid=A951E418D97BCE6BACC472C75053B219?doi=10.1.1.462.1958"
}

@ARTICLE{SemanticAnnotationTheMainstayOfSemanticWeb,
	title =             "Semantic Annotation: The Mainstay of Semantic Web",
    journal =           "International Journal of Computer Applications Technology and Research",
    volume =            "2",
    year =              "2013",
    month =             "prosinec",
    url =              "https://arxiv.org/ftp/arxiv/papers/1312/1312.4794.pdf"
}


@ARTICLE{cTAKES,
	title =             "Mayo Clinical Text Analysis and Knowledge Extraction System (cTAKES): Architecture, component evaluation and applications",
    author =            "Guergana K Savova and James Joseph Masanz and  Philip V Ogren and Christopher G Chute",
    journal =           "Journal of the American Medical Informatics Association",
    year =              "2010",
    month =             "září",
    url =              "file:///G:/Mayo\_Clinical\_Text\_Analysis\_and\_Knowledge\_Extracti.pdf"
}

@MISC{NCBO,
	title =             "Scoring semantic annotations returned by the NCBO Annotator",
    author =            "Soumia Melzi and Clement Jonquet",
    url =              "http://www.lirmm.fr/~jonquet/publications/documents/Article-SWAT4LS\_2014.pdf"
}

@BOOK{RDFStorageAndRetrievalSystems,
	title =             "Handbook on Ontologies",
    chapter =           "RDF Storage and Retrieval Systems",
    author =            "Alice Hertel and Jeen Broekstra and Heiner Stuckenschmidt",
    year =              "2009",
    month =             "květen",
    isbn =              "978-3-540-70999-2, 978-3-540-92673-3",
    publisher =         "Springer, Berlin, Heidelberg",
    url =              "https://pdfs.semanticscholar.org/1fe8/c277d9ad229e69acead5637951cabd1a2269.pdf"  
}

@MISC{OntologiesAndSemanticWeb,
	title =             "Ontologies and Semantic Web",
    author =            "Marek Obitko",
    year =              "2007",
    chapter =           "RDF Graph and Syntax",
    url =              "http://www.obitko.com/tutorials/ontologies-semantic-web/introduction.html"
}


@MISC{TriplesRDFStoreageInJena2,
	title =             "Efficient RDF Storage and Retrieval in Jena2",
    author =            "Kevin Wilkinson and Craig Sayers and Harumi A. Kuno and Jena Database",
    year =              "2004",
    month =             "únor",
    url =              "http://www.hpl.hp.com/techreports/2003/HPL-2003-266.pdf"
}


@MISC{VerticalRepresentation,
	title =             "Comparing path-based and vertically-partitioned RDF databases",
    author =            "Preetha Lakshmi and Chris Mueller",
    year =              "2007",
    month =             "listopad",
    url =              "http://www-users.cs.umn.edu/~cmueller/cs8715/proposal.2007.10.30.pdf"
}

@BOOK{SemanticSearchOverTheWeb,
	title =             "Semantic Search over the Web",
    author =            "Yongming Luo and François Picalausa and George H. L. Fletcher and Jan Hidders and Stijn Vansummeren",
    chapter =           "Storing and Indexing Massive RDF Datasets",
    yaear =             "2012",
    month =             "leden",
    pages =             "31-60",
    publisher =         "Springer, Berlin, Heidelberg",
    isbn =              "978-3-642-25007-1, 978-3-642-25008-8",
    url =              "http://link.springer.com/chapter/10.1007%2F978-3-642-25008-8\_2"
    
    
}

@BOOK{AdvancesInDatabases,
	title =             "Advances in Databases: Concepts, Systems and Applications",
    author =            "Hondjack Dehainsala and Guy Pierra and Ladjel Bellatreche",
    pages =             "497-508",
    publisher =         "Springer, Berlin, Heidelberg",
    isbn =              "978-3-540-71702-7, 978-3-540-71703-4",
    url =              "http://link.springer.com/chapter/10.1007/978-3-540-71703-4\_43"
}


@BOOK{DecompositionModel,
	chapter =               "A decomposition storage model",
	title =             "Proceedings of the 1985 ACM SIGMOD international conference on Management of data",
    author =            "George P. Copeland and Setrag N. Khoshafian",
    pages =             "268-279",
    year =              "1985",
    month =             "květen",
    isbn =              "0-89791-160-1",
    url =              "http://dl.acm.org/citation.cfm?doid=318898.318923"
}


@BOOK{GuidlinesForIndexesAndRelated,
	title =            "Guidelines for Indexes and Related Information Retrieval Devices",
    author =           "James D. Anderson",
    issn =             "1081-8006",
    publisher =        "NISO Press",
    url =              "http://www.niso.org/publications/tr/tr02.pdf",
    year =             "1997",
    note =             "[Online; citovano 16.2.2017]"
}
@BOOK{IndexingBooks,
	title =            "Indexing Books",
    author =           "Nancy C. Mulvany",
    chapter =          "Introduction to book indexing",
    year =             "2009",
    month =            "listopad",
    url =             "https://books.google.cz/books?id=G0Eqm8FbiTMC\&printsec=frontcover\#v=onepage\&q\&f=false"
    
}

@MASTERSTHESIS{Vertical,
    author = {Milo{\v{s}} {\v{S}}va{\v{n}}a},
    type = {Bakal{\'{a}}{\v{r}}sk{\'{a}} pr{\'{a}}ce},
    title = {{\v{C}}i{\v{s}}t{\v{e}}n{\'{i}}, extrakce textu a
	p{\v{r}}evod webov{\'{y}}ch str{\'{a}}nek do
	vertik{\'{a}}ln{\'{i}}ho form{\'{a}}tu},
    school = {Vysok{\'{e}} u{\v{c}}en{\'{i}} technick{\'{e}} v Brn{\v{e}},
	Fakulta informa{\v{c}}n{\'{i}}ch technologi{\'{i}}},
    year = {2016},
    location = {Brno, CZ},
    language = {czech},
    url = {http://www.fit.vutbr.cz/study/DP/BP.php?id=18729}
}

@INPROCEEDINGS{Toutanova03feature-richpart-of-speech,
    author =         "Kristina Toutanova and Dan Klein and Christopher D. Manning and Yoram Singer",
    title =          "Feature-Rich Part-of-Speech Tagging with a Cyclic Dependency Network",
    booktitle =      "IN PROCEEDINGS OF HLT-NAACL",
    year =           "2003",
    pages =          "252--259",
    publisher = {},
    url =           "http://ilpubs.stanford.edu:8090/603/1/2003-43.pdf"
}

@INPROCEEDINGS{BoVTREC2005,
        title =      "{M}{G}4{J} at {T}{R}{E}{C} 2005",
        author=      "Paolo Boldi and Sebastiano Vigna",
        year =       2005,
        booktitle =  "The Fourteenth Text REtrieval Conference (TREC 2005) Proceedings",
        editor =     "Ellen M. Voorhees and Lori P. Buckland",
        publisher =  "NIST",
        series =     "Special Publications",
        number =     "SP 500-266",
	url = "http://mg4j.di.unimi.it/",
}



























